<?xml version="1.0" encoding="UTF-8"?><collection xmlns="http://www.loc.gov/MARC21/slim"><record><leader>00489nam--2200169-i-4500</leader><controlfield tag="001">000005712</controlfield><controlfield tag="002">20161230</controlfield><controlfield tag="005">20170208125956</controlfield><controlfield tag="008">060222s1000------------r-----000-0-eng-d</controlfield><datafield ind1=" " ind2=" " tag="080"><subfield code="a">539.1.074</subfield></datafield><datafield ind1=" " ind2=" " tag="100"><subfield code="a">Arecchi, F. T</subfield></datafield><datafield ind1=" " ind2=" " tag="245"><subfield code="a">The light chamber: a linear discharge chamber. Some further developments</subfield></datafield><datafield ind1=" " ind2=" " tag="260"><subfield code="a">Milano</subfield><subfield code="b">Instituto Di Fisica Del Politecnico</subfield><subfield code="c">1961</subfield></datafield><datafield ind1=" " ind2=" " tag="300"><subfield code="a">2 p</subfield></datafield><datafield ind1=" " ind2=" " tag="490"><subfield code="a">Extras Din Energia Nucleare</subfield><subfield code="v">8/61</subfield></datafield><datafield ind1=" " ind2=" " tag="852"><subfield code="a">7955</subfield></datafield><datafield ind1=" " ind2=" " tag="CAT"><subfield code="a">SYS</subfield><subfield code="c">20170208</subfield><subfield code="h">125956</subfield></datafield></record></collection>